<?xml version="1.0" encoding="UTF-8"?><record xmlns="http://www.loc.gov/MARC21/slim" xmlns:cinclude="http://apache.org/cocoon/include/1.0" xmlns:zs="http://www.loc.gov/zing/srw/">
  <leader>01432cz  a2200277n  4500</leader>
  <controlfield tag="001">no2001053338</controlfield>
  <controlfield tag="003">DLC</controlfield>
  <controlfield tag="005">20130320085647.0</controlfield>
  <controlfield tag="008">010709n| acannaabn          |b aaa     c</controlfield>
  <datafield tag="010" ind1=" " ind2=" ">
    <subfield code="a">no2001053338</subfield>
  </datafield>
  <datafield tag="035" ind1=" " ind2=" ">
    <subfield code="a">(OCoLC)oca05528809</subfield>
  </datafield>
  <datafield tag="040" ind1=" " ind2=" ">
    <subfield code="a">CU</subfield>
    <subfield code="b">eng</subfield>
    <subfield code="c">CU</subfield>
    <subfield code="d">OCoLC</subfield>
    <subfield code="d">DLC</subfield>
  </datafield>
  <datafield tag="046" ind1=" " ind2=" ">
    <subfield code="s">14</subfield>
    <subfield code="t">15</subfield>
  </datafield>
  <datafield tag="100" ind1="0" ind2=" ">
    <subfield code="a">Isaac ben Hayem,</subfield>
    <subfield code="c">Hacohen from Shativah,</subfield>
    <subfield code="d">active 15th century-16th century</subfield>
  </datafield>
  <datafield tag="400" ind1="1" ind2=" ">
    <subfield code="a">Hacohen, Isaac ben Hayem,</subfield>
    <subfield code="d">active 15th century-16th century</subfield>
  </datafield>
  <datafield tag="400" ind1="0" ind2=" ">
    <subfield code="w">nnea</subfield>
    <subfield code="a">Isaac ben Hayem,</subfield>
    <subfield code="c">Hacohen from Shativah,</subfield>
    <subfield code="d">15th/16th cent.</subfield>
  </datafield>
  <datafield tag="400" ind1="0" ind2=" ">
    <subfield code="a">Isaac ben Ḥayyim ben Abraham,</subfield>
    <subfield code="d">active 15th century-16th century</subfield>
  </datafield>
  <datafield tag="400" ind1="0" ind2=" ">
    <subfield code="a">Yitsḥaḳ ben Ḥayim,</subfield>
    <subfield code="c">ha-Kohen mi-Shaṭivah,</subfield>
    <subfield code="d">active 15th century-16th century</subfield>
  </datafield>
  <datafield tag="400" ind1="0" ind2=" ">
    <subfield code="a">יצחק בן חיים בן אברהם,</subfield>
    <subfield code="c">הכהן,</subfield>
    <subfield code="c">משאטיבה</subfield>
  </datafield>
  <datafield tag="400" ind1="0" ind2=" ">
    <subfield code="a">יצחק בן חיים הכהן,</subfield>
    <subfield code="c">משאטיבה</subfield>
  </datafield>
  <datafield tag="400" ind1="0" ind2=" ">
    <subfield code="a">יצחק בן חיים,</subfield>
    <subfield code="c">הכהן, משאטיבה</subfield>
  </datafield>
  <datafield tag="667" ind1=" " ind2=" ">
    <subfield code="a">THIS 1XX FIELD CANNOT BE USED UNDER RDA UNTIL THIS RECORD HAS BEEN REVIEWED AND/OR UPDATED</subfield>
  </datafield>
  <datafield tag="667" ind1=" " ind2=" ">
    <subfield code="a">Machine-derived non-Latin script reference project.</subfield>
  </datafield>
  <datafield tag="667" ind1=" " ind2=" ">
    <subfield code="a">Non-Latin script references not evaluated.</subfield>
  </datafield>
  <datafield tag="670" ind1=" " ind2=" ">
    <subfield code="a">ʻEts ḥayim, 2001 :</subfield>
    <subfield code="b">t.p. (R. Yitsḥaḳ ben Ḥayim ha-Kohen mi-Shaṭivah) added t.p. (Rabbi Isaac ben Hayem Hacohen from Shativah [in rom.]).</subfield>
  </datafield>
  <datafield tag="670" ind1=" " ind2=" ">
    <subfield code="a">Encyclopaedia Judaica, c1971 :</subfield>
    <subfield code="b">v.9, col. 19 (Isaac ben Ḥayyim ben Abraham; Spanish/Hebrew poet)</subfield>
  </datafield>
</record>